<?xml version="1.0" encoding="UTF-8"?><record xmlns="http://www.loc.gov/MARC21/slim" xmlns:cinclude="http://apache.org/cocoon/include/1.0" xmlns:zs="http://www.loc.gov/zing/srw/">
  <leader>00592nz  a2200145n  4500</leader>
  <controlfield tag="001">n  85062759 </controlfield>
  <controlfield tag="003">DLC</controlfield>
  <controlfield tag="005">19851009064434.5</controlfield>
  <controlfield tag="008">850827n| acannaab|          |a ana |||  </controlfield>
  <datafield tag="010" ind1=" " ind2=" ">
    <subfield code="a">n  85062759 </subfield>
  </datafield>
  <datafield tag="040" ind1=" " ind2=" ">
    <subfield code="a">DLC</subfield>
    <subfield code="c">DLC</subfield>
  </datafield>
  <datafield tag="110" ind1="1" ind2="0">
    <subfield code="a">El Salvador.</subfield>
    <subfield code="t">Constitución política (1886)</subfield>
  </datafield>
  <datafield tag="410" ind1="1" ind2="0">
    <subfield code="a">El Salvador.</subfield>
    <subfield code="t">Constitución política de la República de El Salvador y leyes constitutivas</subfield>
  </datafield>
  <datafield tag="410" ind1="1" ind2="0">
    <subfield code="a">El Salvador.</subfield>
    <subfield code="t">Constitución política de 1886</subfield>
  </datafield>
  <datafield tag="670" ind1=" " ind2=" ">
    <subfield code="a">Its Constitución política de la República de El Salvador y leyes constitutivas, 1945?:</subfield>
    <subfield code="b">p. 3 (Constitución política de 1886)</subfield>
  </datafield>
</record>